@book{LR2007,
  title={Nonparametric Econometrics: Theory and Practice},
  author={Li, Q. and Racine, J.S.},
  year={2007},
  publisher={Princeton University Press}
}
@book{FG1996,
  author = {Fan, J. and Gijbels, I.},
  title = {Local Polynomial Modelling and its Applications},
  edition = {1.},
  series = {Monographs on Statistics and Applied Probability},
  publisher = {Chapman \& Hall/CRC},
  volume = {66},
  year = {1996}
}
@article{RobInf2011,
author = {A. Colin Cameron and Jonah B. Gelbach and Douglas L. Miller},
title = {Robust inference with multiway clustering},
journal = {Journal of Business \& Economic Statistics},
volume = {29},
number = {2},
pages = {238-249},
year  = {2011}
}
@book{Lehmann2006,
  title={Testing statistical hypotheses},
  author={Lehmann, Erich L and Romano, Joseph P},
  year={2006},
  publisher={Springer}
}
@article{DID_2004,
  title={How much should we trust differences-in-differences estimates?},
  author={Bertrand, Marianne and Duflo, Esther and Mullainathan, Sendhil},
  journal={The Quarterly Journal of Economics},
  volume={119},
  number={1},
  pages={249--275},
  year={2004}
}
@book{cerulli2015,
  title={Econometric Evaluation of Socio-Economic Programs},
  author={Cerulli, Giovanni},
  series={Advanced Studies in Theoretical and Applied Econometrics Series},
  year={2015},
  publisher={Springer}
}
@book{DMcK2004,
  title={Econometric Theory and Methods},
  author={Davidson, Russell and MacKinnon, James G},
  year={2004},
  publisher={Oxford University Press New York}
}
@article{L1988,
  author = {Roderick J. A. Little},
  title = {A test of missing completely at random for multivariate data with missing values},
  journal = {Journal of the American Statistical Association},
  volume = {83},
  number = {404},
  pages = {1198-1202},
  year  = {1988}
}
@book{WJ1994,
  title={Kernel Smoothing},
  author={Wand, M.P. and Jones, M.C.},
  volume={60},
  year={1994},
  publisher={Chapman \& Hall/CRC}
}
@book{H2014,
  title={Analysis of Panel Data},
  author={Hsiao, C.},
  year={2014},
  publisher={Cambridge university press}
}
@book{G2003,
  title={Econometric Analysis},
  author={Greene, W.H.},
  year={2003},
  publisher={Pearson}
}
@book{B2008,
  title={Econometric Analysis of Panel Data},
  author={Baltagi, B.},
  year={2008},
  publisher={John Wiley \& Sons}
}
@book{GH2006,
  title={Data Analysis Using Regression and Multilevel/Hierarchical Models},
  author={Gelman, A. and Hill, J.},
  year={2006},
  publisher={Cambridge University Press}
}
@book{VM2000,
  title={Linear Mixed Models for Longitudinal Data},
  author={Verbeke, G. and Molenberghs, G.},
  year={2000},
  publisher={Springer}
}
@book{GB2013,
  title={Linear Mixed-Effects Models Using R: A Step-by-Step Approach},
  author={Ga{\l}ecki, A. and Burzykowski, T.},
  booktitle={Linear Mixed-Effects Models Using R},
  year={2013},
  publisher={Springer}
}
@article{IL2008,
  title={Regression discontinuity designs: A guide to practice},
  author={Imbens, Guido W and Lemieux, Thomas},
  journal={Journal of Econometrics},
  volume={142},
  number={2},
  pages={615--635},
  year={2008}
}
@book{W2014,
  title={Asymptotic Theory for Econometricians},
  author={White, H.},
  year={2014},
  publisher={Academic press}
}
@article{RW2005,
  title={Exact and approximate stepdown methods for multiple hypothesis testing},
  author={Romano, J.P. and Wolf, M.},
  journal={Journal of the American Statistical Association},
  volume={100},
  number={469},
  pages={94--108},
  year={2005}
}
@book{Hayashi2020,
  author = {Hayashi, {Fumio}},
  publisher = {Princeton Univ. Press},
  title = {Econometrics},
  year = 2000
}
@book{cunningham2020causal,
  title={Causal Inference: The Mixtape},
  author={Cunningham, Scott},
  publisher={Yale University Press},
  url={https://mixtape.scunning.com/},
  year={2020}
}
@article{CausalInf_Huber_2019,
  title={An introduction to flexible methods for policy evaluation},
  author={Huber, Martin},
  journal={arXiv preprint arXiv:1910.00641},
  year={2019}
}
@book{Wooldridge2010,
  title={Econometric Analysis of Cross Section and Panel Data},
  author={Wooldridge, Jeffrey M},
  year={2010},
  publisher={MIT press}
}
@book{DH_Bootstrap_1997,
  title={Bootstrap Methods and their Application},
  author={Davison, Anthony Christopher and Hinkley, David Victor},
  number={1},
  year={1997},
  publisher={Cambridge university press}
}
@book{KR_FDA_2017,
  title={Introduction to Functional Data Analysis},
  author={Kokoszka, Piotr and Reimherr, Matthew},
  year={2017},
  publisher={Chapman and Hall/CRC}
}
@book{BHW2010,
   title =     {Multiple Comparisons Using R},
   author =    {F. Bretz, T. Hothorn, P. Westfall},
   publisher = {Chapman and Hall/CRC},
   year =      {2010}
}
@book{HT1987,
   title =     {Multiple Comparison Procedures},
   author =    {Y. Hochberg, A.C. Tamhane},
   publisher = {Wiley Series in Probability and Statistics},
   year =      {1987}
}
@book{HTW2015,
  title={Statistical Learning with Sparsity: The Lasso and Generalizations},
  author={Hastie, T. and Tibshirani, R. and Wainwright, M.},
  year={2015},
  publisher={CRC press}
}